<record><leader>00000cas a22000007a 4500</leader><controlfield tag="001">18832427</controlfield><controlfield tag="008">881202d19591964iduir ne      0    0eng d</controlfield><datafield ind1=" " ind2=" " tag="010"><subfield code="a">sn 88056129 </subfield></datafield><datafield ind1=" " ind2=" " tag="040"><subfield code="a">NVB</subfield><subfield code="b">eng</subfield><subfield code="c">NVB</subfield><subfield code="d">OCLCQ</subfield><subfield code="d">OCLCF</subfield><subfield code="d">OCLCO</subfield></datafield><datafield ind1=" " ind2=" " tag="042"><subfield code="a">msc</subfield></datafield><datafield ind1=" " ind2=" " tag="043"><subfield code="a">n-us-id</subfield></datafield><datafield ind1="0" ind2=" " tag="130"><subfield code="a">Herald-bulletin (Burley, Idaho)</subfield></datafield><datafield ind1="1" ind2="4" tag="245"><subfield code="a">The herald-bulletin.</subfield></datafield><datafield ind1=" " ind2=" " tag="260"><subfield code="a">Burley, Idaho :</subfield><subfield code="b">Mist Pub. Co.</subfield></datafield><datafield ind1=" " ind2=" " tag="300"><subfield code="a">v.</subfield></datafield><datafield ind1=" " ind2=" " tag="310"><subfield code="a">Triweekly,</subfield><subfield code="b">Oct. 14, 1963-June 29, 1964</subfield></datafield><datafield ind1=" " ind2=" " tag="321"><subfield code="a">Daily (except Sat. &amp; Sun.),</subfield><subfield code="b">Sept. 30, 1959-Oct. 11, 1963</subfield></datafield><datafield ind1="0" ind2=" " tag="362"><subfield code="a">Vol. 55, no. 25 (Sept. 30, 1959)-v. 60, no. 27 (June 29, 1964).</subfield></datafield><datafield ind1=" " ind2="0" tag="651"><subfield code="a">Burley (Idaho)</subfield><subfield code="v">Newspapers.</subfield></datafield><datafield ind1=" " ind2="7" tag="655"><subfield code="a">Newspapers.</subfield><subfield code="2">fast</subfield><subfield code="0">(OCoLC)fst01423814</subfield></datafield><datafield ind1=" " ind2="7" tag="651"><subfield code="a">Idaho</subfield><subfield code="z">Burley.</subfield><subfield code="2">fast</subfield><subfield code="0">(OCoLC)fst01220489</subfield></datafield><datafield ind1=" " ind2=" " tag="752"><subfield code="a">United States</subfield><subfield code="b">Idaho</subfield><subfield code="c">Cassia</subfield><subfield code="d">Burley.</subfield></datafield><datafield ind1="0" ind2="4" tag="780"><subfield code="t">Burley bulletin</subfield><subfield code="w">(DLC)sn 88056128</subfield></datafield><datafield ind1="0" ind2="4" tag="780"><subfield code="t">Burley herald</subfield><subfield code="w">(DLC)sn 82014683</subfield></datafield><datafield ind1="0" ind2="0" tag="785"><subfield code="t">Burley herald-bulletin</subfield><subfield code="w">(DLC)sn 88056137</subfield></datafield></record>